<record><leader>00000cas a22000007a 4500</leader><controlfield tag="001">12530195</controlfield><controlfield tag="008">850909d1909191umtuwr ne      0    0eng d</controlfield><datafield ind1=" " ind2=" " tag="010"><subfield code="a">sn 85053268 </subfield></datafield><datafield ind1=" " ind2=" " tag="040"><subfield code="a">MTL</subfield><subfield code="b">eng</subfield><subfield code="c">MTL</subfield><subfield code="d">OCLCQ</subfield></datafield><datafield ind1=" " ind2=" " tag="042"><subfield code="a">msc</subfield></datafield><datafield ind1="0" ind2=" " tag="130"><subfield code="a">Weekly bulletin (Billings, Mont.)</subfield></datafield><datafield ind1="1" ind2="4" tag="245"><subfield code="a">The Weekly bulletin.</subfield></datafield><datafield ind1=" " ind2=" " tag="260"><subfield code="a">Billings, Mont. :</subfield><subfield code="b">G.B. Linebarger</subfield></datafield><datafield ind1=" " ind2=" " tag="300"><subfield code="a">v. :</subfield><subfield code="b">ill. ;</subfield><subfield code="c">30-37 cm.</subfield></datafield><datafield ind1=" " ind2=" " tag="310"><subfield code="a">Weekly</subfield></datafield><datafield ind1="1" ind2=" " tag="362"><subfield code="a">"Established Dec. 15, 1909."</subfield></datafield><datafield ind1="1" ind2=" " tag="362"><subfield code="a">Ceased by 1915.</subfield><subfield code="z">Cf. Montana newspaper directories, 1914, 1915.</subfield></datafield><datafield ind1=" " ind2=" " tag="500"><subfield code="a">"Devoted to farming interests and farming news."</subfield></datafield><datafield ind1=" " ind2=" " tag="550"><subfield code="a">Official organ of: Yellowstone Valley Producers Association.</subfield></datafield><datafield ind1=" " ind2=" " tag="580"><subfield code="a">Absorbed: Eastern slope (non-extant) (Feb. 9, 1910).</subfield></datafield><datafield ind1=" " ind2=" " tag="588"><subfield code="a">Description based on: Vol. 1, no. 2 (Dec. 22, 1909).</subfield></datafield><datafield ind1=" " ind2=" " tag="752"><subfield code="a">United States</subfield><subfield code="b">Montana</subfield><subfield code="c">Yellowstone</subfield><subfield code="d">Billings.</subfield></datafield><datafield ind1="1" ind2="5" tag="780"><subfield code="t">Eastern slope</subfield><subfield code="g">Feb. 9, 1910</subfield></datafield></record>